<record><leader>00000cas a22000007a 4500</leader><controlfield tag="001">10332939</controlfield><controlfield tag="008">840124d18741878couwr ne      0    0eng d</controlfield><datafield ind1=" " ind2=" " tag="010"><subfield code="a">sn 84022259 </subfield></datafield><datafield ind1=" " ind2=" " tag="040"><subfield code="a">NPX</subfield><subfield code="b">eng</subfield><subfield code="c">NPX</subfield><subfield code="d">CNQ</subfield><subfield code="d">OCLCQ</subfield></datafield><datafield ind1=" " ind2=" " tag="042"><subfield code="a">msc</subfield></datafield><datafield ind1=" " ind2=" " tag="043"><subfield code="a">n-us-co</subfield></datafield><datafield ind1="0" ind2="4" tag="245"><subfield code="a">The Fairplay sentinel.</subfield></datafield><datafield ind1=" " ind2=" " tag="260"><subfield code="a">Fairplay, Park County, Colo. :</subfield><subfield code="b">R.S. Allen</subfield></datafield><datafield ind1=" " ind2=" " tag="300"><subfield code="a">v.</subfield></datafield><datafield ind1=" " ind2=" " tag="310"><subfield code="a">Weekly</subfield></datafield><datafield ind1="1" ind2=" " tag="362"><subfield code="a">Began in 1874?</subfield></datafield><datafield ind1="1" ind2=" " tag="362"><subfield code="a">Ceased in Aug. 1878.</subfield><subfield code="z">Cf. Oehlerts, d. E. Guide to Colo. newspapers.</subfield></datafield><datafield ind1=" " ind2=" " tag="588"><subfield code="a">Description based on: Vol. 3, no. 30 (Dec. 30, 1875).</subfield></datafield><datafield ind1=" " ind2=" " tag="752"><subfield code="a">United States</subfield><subfield code="b">Colorado</subfield><subfield code="c">Park</subfield><subfield code="d">Fairplay.</subfield></datafield><datafield ind1="0" ind2="0" tag="780"><subfield code="t">Mount Lincoln sentinal</subfield></datafield></record>